@ARTICLE{HeKa71,
  author = {Michael Held and Richard M. Karp},
  title = {The traveling-salesman problem and minimum spanning trees: Part II},
  journal = {Mathematical Programming},
  year = {1971},
  volume = {1},
  pages = {6--25},
  file = {HeKa70_The traveling-salesman problem and minimum spanning trees -
	Part II.pdf:\\HeKa70_The traveling-salesman problem and minimum spanning
	trees - Part II.pdf:PDF},
  timestamp = {2007.01.02}
}

@book{homfeld2012consolidating,
  title={Consolidating car routes in rail freight service by discrete optimization},
  author={Homfeld, Henning},
  year={2012},
  publisher={Verlag Dr. Hut}
}

@article{bodin1980model,
  title={A model for the blocking of trains},
  author={Bodin, Lawrence D and Golden, Bruce L and Schuster, Allan D and Romig, William},
  journal={Transportation Research Part B: Methodological},
  volume={14},
  number={1-2},
  pages={115--120},
  year={1980},
  publisher={Elsevier}
}

@article{hewitt2010combining,
  title={Combining exact and heuristic approaches for the capacitated fixed-charge network flow problem},
  author={Hewitt, Mike and Nemhauser, George L and Savelsbergh, Martin WP},
  journal={INFORMS Journal on Computing},
  volume={22},
  number={2},
  pages={314--325},
  year={2010},
  publisher={INFORMS}
}

@article{frangioni20090,
  title={0--1 reformulations of the multicommodity capacitated network design problem},
  author={Frangioni, Antonio and Gendron, Bernard},
  journal={Discrete Applied Mathematics},
  volume={157},
  number={6},
  pages={1229--1241},
  year={2009},
  publisher={Elsevier}
}

@article{barnhart2000railroad,
  title={Railroad blocking: A network design application},
  author={Barnhart, Cynthia and Jin, Hong and Vance, Pamela H},
  journal={Operations Research},
  volume={48},
  number={4},
  pages={603--614},
  year={2000},
  publisher={INFORMS}
}

@article{hasany2018modeling,
  title={Modeling formulation and a new heuristic for the railroad blocking problem},
  author={Hasany, Reza Mohammad and Shafahi, Yousef},
  journal={Applied Mathematical Modelling},
  volume={56},
  pages={304--324},
  year={2018},
  publisher={Elsevier}
}

@article{crainic2000simplex,
  title={A simplex-based tabu search method for capacitated network design},
  author={Crainic, Teodor Gabriel and Gendreau, Michel and Farvolden, Judith M},
  journal={INFORMS journal on Computing},
  volume={12},
  number={3},
  pages={223--236},
  year={2000},
  publisher={INFORMS}
}

@incollection{glover2003scatter,
  title={Scatter search and path relinking: Advances and applications},
  author={Glover, Fred and Laguna, Manuel and Mart{\'\i}, Rafael},
  booktitle={Handbook of metaheuristics},
  pages={1--35},
  year={2003},
  publisher={Springer}
}

@article{ghamlouche2003cycle,
  title={Cycle-based neighbourhoods for fixed-charge capacitated multicommodity network design},
  author={Ghamlouche, Ilfat and Crainic, Teodor Gabriel and Gendreau, Michel},
  journal={Operations research},
  volume={51},
  number={4},
  pages={655--667},
  year={2003},
  publisher={INFORMS}
}

@article{ghamlouche2004path,
  title={Path relinking, cycle-based neighbourhoods and capacitated multicommodity network design},
  author={Ghamlouche, Ilfat and Crainic, Teodor Gabriel and Gendreau, Michel},
  journal={Annals of Operations research},
  volume={131},
  number={1-4},
  pages={109--133},
  year={2004},
  publisher={Springer}
}

@article{glover1998template,
  title={A template for scatter search and path relinking},
  author={Glover, Fred},
  journal={Lecture notes in computer science},
  volume={1363},
  pages={13--54},
  year={1998},
  publisher={Berlin: Springer-Verlag, 1973-}
}

@article{alvarez2005scatter,
  title={Scatter search for network design problem},
  author={Alvarez, Ada M and Gonz{\'a}lez-Velarde, Jos{\'e} Luis and De-Alba, Karim},
  journal={Annals of Operations Research},
  volume={138},
  number={1},
  pages={159--178},
  year={2005},
  publisher={Springer}
}

@article{feo1995greedy,
  title={Greedy randomized adaptive search procedures},
  author={Feo, Thomas A and Resende, Mauricio GC},
  journal={Journal of global optimization},
  volume={6},
  number={2},
  pages={109--133},
  year={1995},
  publisher={Springer}
}

@article{paraskevopoulos2016cycle,
  title={A cycle-based evolutionary algorithm for the fixed-charge capacitated multi-commodity network design problem},
  author={Paraskevopoulos, Dimitris C and Bekta{\c{s}}, Tolga and Crainic, Teodor Gabriel and Potts, Chris N},
  journal={European Journal of Operational Research},
  volume={253},
  number={2},
  pages={265--279},
  year={2016},
  publisher={Elsevier}
}